[{"time":"2019-10-04T05:54:12.186Z","trade_id":51727701,"price":"173.11000000","size":"0.71293669","side":"buy"},{"time":"2019-10-04T05:54:12.186Z","trade_id":51727700,"price":"173.12000000","size":"0.25427140","side":"buy"},{"time":"2019-10-04T05:54:09.709Z","trade_id":51727699,"price":"173.15000000","size":"0.96720809","side":"sell"},{"time":"2019-10-04T05:53:56.164Z","trade_id":51727698,"price":"173.13000000","size":"0.13805414","side":"sell"},{"time":"2019-10-04T05:53:48.19Z","trade_id":51727697,"price":"173.13000000","size":"0.31481395","side":"sell"},{"time":"2019-10-04T05:53:40.993Z","trade_id":51727696,"price":"173.12000000","size":"1.26001619","side":"buy"},{"time":"2019-10-04T05:53:38.64Z","trade_id":51727695,"price":"173.14000000","size":"1.26001619","side":"sell"},{"time":"2019-10-04T05:53:18.084Z","trade_id":51727694,"price":"173.21000000","size":"1.07028715","side":"sell"},{"time":"2019-10-04T05:53:18.084Z","trade_id":51727693,"price":"173.21000000","size":"4.00000000","side":"sell"},{"time":"2019-10-04T05:53:00.608Z","trade_id":51727692,"price":"173.21000000","size":"1.24278884","side":"buy"},{"time":"2019-10-04T05:52:58.932Z","trade_id":51727691,"price":"173.23000000","size":"0.26741186","side":"sell"},{"time":"2019-10-04T05:52:57.642Z","trade_id":51727690,"price":"173.24000000","size":"1.00260331","side":"sell"},{"time":"2019-10-04T05:52:57.642Z","trade_id":51727689,"price":"173.21000000","size":"0.24018553","side":"sell"},{"time":"2019-10-04T05:52:46.612Z","trade_id":51727688,"price":"173.21000000","size":"3.48401547","side":"sell"},{"time":"2019-10-04T05:52:43.091Z","trade_id":51727687,"price":"173.21000000","size":"0.27579900","side":"sell"},{"time":"2019-10-04T05:52:30.875Z","trade_id":51727686,"price":"173.21000000","size":"1.24289073","side":"buy"},{"time":"2019-10-04T05:52:28.279Z","trade_id":51727685,"price":"173.22000000","size":"1.24289073","side":"sell"},{"time":"2019-10-04T05:51:52.57Z","trade_id":51727684,"price":"173.26000000","size":"1.65995792","side":"sell"},{"time":"2019-10-04T05:51:52.57Z","trade_id":51727683,"price":"173.25000000","size":"4.00000000","side":"sell"},{"time":"2019-10-04T05:51:47.821Z","trade_id":51727682,"price":"173.21000000","size":"0.54900000","side":"buy"},{"time":"2019-10-04T05:51:42.341Z","trade_id":51727681,"price":"173.22000000","size":"0.02890000","side":"sell"},{"time":"2019-10-04T05:51:42.341Z","trade_id":51727680,"price":"173.22000000","size":"12.96333553","side":"sell"},{"time":"2019-10-04T05:50:04.137Z","trade_id":51727679,"price":"173.14000000","size":"0.13514174","side":"sell"},{"time":"2019-10-04T05:49:44.683Z","trade_id":51727678,"price":"173.10000000","size":"0.38519132","side":"sell"},{"time":"2019-10-04T05:46:56.703Z","trade_id":51727677,"price":"173.13000000","size":"0.80662434","side":"sell"},{"time":"2019-10-04T05:46:54.808Z","trade_id":51727676,"price":"173.13000000","size":"0.13510271","side":"sell"},{"time":"2019-10-04T05:46:45.361Z","trade_id":51727675,"price":"173.14000000","size":"1.66215009","side":"sell"},{"time":"2019-10-04T05:46:45.361Z","trade_id":51727674,"price":"173.13000000","size":"4.00000000","side":"sell"},{"time":"2019-10-04T05:46:28.951Z","trade_id":51727673,"price":"173.10000000","size":"1.00000000","side":"sell"},{"time":"2019-10-04T05:46:15.889Z","trade_id":51727672,"price":"173.10000000","size":"0.14209714","side":"sell"},{"time":"2019-10-04T05:46:14.044Z","trade_id":51727671,"price":"173.09000000","size":"0.26054900","side":"buy"},{"time":"2019-10-04T05:45:55.879Z","trade_id":51727670,"price":"173.10000000","size":"0.14406502","side":"sell"},{"time":"2019-10-04T05:45:50.599Z","trade_id":51727669,"price":"173.10000000","size":"0.35632648","side":"sell"},{"time":"2019-10-04T05:45:37.556Z","trade_id":51727668,"price":"173.16000000","size":"0.25824789","side":"sell"},{"time":"2019-10-04T05:45:37.556Z","trade_id":51727667,"price":"173.16000000","size":"0.02890000","side":"sell"},{"time":"2019-10-04T05:45:25.281Z","trade_id":51727666,"price":"173.19000000","size":"1.00000000","side":"sell"},{"time":"2019-10-04T05:45:09.658Z","trade_id":51727665,"price":"173.26000000","size":"0.14357395","side":"sell"},{"time":"2019-10-04T05:45:09.136Z","trade_id":51727664,"price":"173.26000000","size":"0.10630215","side":"sell"},{"time":"2019-10-04T05:45:03.735Z","trade_id":51727663,"price":"173.26000000","size":"0.29867400","side":"sell"},{"time":"2019-10-04T05:45:00.523Z","trade_id":51727662,"price":"173.25000000","size":"0.11663708","side":"buy"},{"time":"2019-10-04T05:44:56.738Z","trade_id":51727661,"price":"173.25000000","size":"0.53337324","side":"buy"},{"time":"2019-10-04T05:44:31.208Z","trade_id":51727660,"price":"173.34000000","size":"0.77231217","side":"buy"},{"time":"2019-10-04T05:44:31.208Z","trade_id":51727659,"price":"173.35000000","size":"2.54443742","side":"buy"},{"time":"2019-10-04T05:44:12.657Z","trade_id":51727658,"price":"173.36000000","size":"0.55192427","side":"sell"},{"time":"2019-10-04T05:43:58.86Z","trade_id":51727657,"price":"173.36000000","size":"0.55680297","side":"sell"},{"time":"2019-10-04T05:43:46.022Z","trade_id":51727656,"price":"173.36000000","size":"0.27575124","side":"sell"},{"time":"2019-10-04T05:43:45.407Z","trade_id":51727655,"price":"173.32000000","size":"4.00000000","side":"sell"},{"time":"2019-10-04T05:43:45.407Z","trade_id":51727654,"price":"173.24000000","size":"0.02000000","side":"sell"},{"time":"2019-10-04T05:43:45.407Z","trade_id":51727653,"price":"173.24000000","size":"0.83000000","side":"sell"},{"time":"2019-10-04T05:43:45.407Z","trade_id":51727652,"price":"173.24000000","size":"1.18706010","side":"sell"},{"time":"2019-10-04T05:43:24.725Z","trade_id":51727651,"price":"173.24000000","size":"0.55718866","side":"sell"},{"time":"2019-10-04T05:42:57.979Z","trade_id":51727650,"price":"173.24000000","size":"0.27575124","side":"sell"},{"time":"2019-10-04T05:42:50.61Z","trade_id":51727649,"price":"173.23000000","size":"5.21965598","side":"buy"},{"time":"2019-10-04T05:42:16.184Z","trade_id":51727648,"price":"173.23000000","size":"0.20066864","side":"buy"},{"time":"2019-10-04T05:42:15.033Z","trade_id":51727647,"price":"173.29000000","size":"13.24725223","side":"buy"},{"time":"2019-10-04T05:42:15.033Z","trade_id":51727646,"price":"173.29000000","size":"79.09066000","side":"buy"},{"time":"2019-10-04T05:41:49.387Z","trade_id":51727645,"price":"173.41000000","size":"1.00000000","side":"buy"},{"time":"2019-10-04T05:41:48.897Z","trade_id":51727644,"price":"173.44000000","size":"10.55179000","side":"buy"},{"time":"2019-10-04T05:41:48.897Z","trade_id":51727643,"price":"173.44000000","size":"0.99000000","side":"buy"},{"time":"2019-10-04T05:40:41.362Z","trade_id":51727642,"price":"173.45000000","size":"0.06141925","side":"sell"},{"time":"2019-10-04T05:40:04.94Z","trade_id":51727641,"price":"173.34000000","size":"0.05754622","side":"sell"},{"time":"2019-10-04T05:40:04.417Z","trade_id":51727640,"price":"173.34000000","size":"0.13495463","side":"sell"},{"time":"2019-10-04T05:39:46.866Z","trade_id":51727639,"price":"173.30000000","size":"2.32449983","side":"sell"},{"time":"2019-10-04T05:39:29.319Z","trade_id":51727638,"price":"173.30000000","size":"0.05758822","side":"sell"},{"time":"2019-10-04T05:39:06.389Z","trade_id":51727637,"price":"173.30000000","size":"0.11582782","side":"sell"},{"time":"2019-10-04T05:38:01.036Z","trade_id":51727636,"price":"173.37000000","size":"91.45892587","side":"sell"},{"time":"2019-10-04T05:38:01.036Z","trade_id":51727635,"price":"173.37000000","size":"10.00000000","side":"sell"},{"time":"2019-10-04T05:38:01.009Z","trade_id":51727634,"price":"173.32000000","size":"4.00000000","side":"sell"},{"time":"2019-10-04T05:38:00.793Z","trade_id":51727633,"price":"173.27000000","size":"4.00000000","side":"sell"},{"time":"2019-10-04T05:37:57.526Z","trade_id":51727632,"price":"173.21000000","size":"1.04434259","side":"buy"},{"time":"2019-10-04T05:37:51.89Z","trade_id":51727631,"price":"173.22000000","size":"0.10632670","side":"sell"},{"time":"2019-10-04T05:37:25.859Z","trade_id":51727630,"price":"173.04000000","size":"0.05180984","side":"sell"},{"time":"2019-10-04T05:37:18.712Z","trade_id":51727629,"price":"173.04000000","size":"3.00000000","side":"sell"},{"time":"2019-10-04T05:37:04.633Z","trade_id":51727628,"price":"173.05000000","size":"0.27603805","side":"sell"},{"time":"2019-10-04T05:36:51.9Z","trade_id":51727627,"price":"173.06000000","size":"0.02890000","side":"sell"},{"time":"2019-10-04T05:36:51.9Z","trade_id":51727626,"price":"173.06000000","size":"2.07000000","side":"sell"},{"time":"2019-10-04T05:35:44.917Z","trade_id":51727625,"price":"172.92000000","size":"0.05184579","side":"sell"},{"time":"2019-10-04T05:35:41.941Z","trade_id":51727624,"price":"172.92000000","size":"0.07685975","side":"sell"},{"time":"2019-10-04T05:35:10.527Z","trade_id":51727623,"price":"172.92000000","size":"0.31631873","side":"sell"},{"time":"2019-10-04T05:35:00.626Z","trade_id":51727622,"price":"172.91000000","size":"4.15505686","side":"buy"},{"time":"2019-10-04T05:34:54.729Z","trade_id":51727621,"price":"172.92000000","size":"6.21350879","side":"sell"},{"time":"2019-10-04T05:34:54.729Z","trade_id":51727620,"price":"172.92000000","size":"4.00000000","side":"sell"},{"time":"2019-10-04T05:34:54.729Z","trade_id":51727619,"price":"172.92000000","size":"1.12000000","side":"sell"},{"time":"2019-10-04T05:34:28.85Z","trade_id":51727618,"price":"173.01000000","size":"0.02881379","side":"sell"},{"time":"2019-10-04T05:33:57.395Z","trade_id":51727617,"price":"173.03000000","size":"0.07567498","side":"sell"},{"time":"2019-10-04T05:33:44.588Z","trade_id":51727616,"price":"173.03000000","size":"0.13519641","side":"sell"},{"time":"2019-10-04T05:33:29.89Z","trade_id":51727615,"price":"173.02000000","size":"0.93000000","side":"buy"},{"time":"2019-10-04T05:33:26.789Z","trade_id":51727614,"price":"173.04000000","size":"0.21857999","side":"sell"},{"time":"2019-10-04T05:32:49.728Z","trade_id":51727613,"price":"173.00000000","size":"0.74652983","side":"sell"},{"time":"2019-10-04T05:32:49.728Z","trade_id":51727612,"price":"172.91000000","size":"2.02000000","side":"sell"},{"time":"2019-10-04T05:32:16.532Z","trade_id":51727611,"price":"172.90000000","size":"0.32841513","side":"buy"},{"time":"2019-10-04T05:32:16.532Z","trade_id":51727610,"price":"172.90000000","size":"0.42000000","side":"buy"},{"time":"2019-10-04T05:31:44.364Z","trade_id":51727609,"price":"172.95000000","size":"0.27598055","side":"sell"},{"time":"2019-10-04T05:31:42.578Z","trade_id":51727608,"price":"173.03000000","size":"5.00000000","side":"buy"},{"time":"2019-10-04T05:31:33.704Z","trade_id":51727607,"price":"173.03000000","size":"0.02890000","side":"buy"},{"time":"2019-10-04T05:31:33.704Z","trade_id":51727606,"price":"173.03000000","size":"0.31590586","side":"buy"},{"time":"2019-10-04T05:31:05.705Z","trade_id":51727605,"price":"173.06000000","size":"0.17502265","side":"sell"},{"time":"2019-10-04T05:30:44.418Z","trade_id":51727604,"price":"173.12000000","size":"4.00000000","side":"sell"},{"time":"2019-10-04T05:30:41.397Z","trade_id":51727603,"price":"173.13000000","size":"46.62499998","side":"sell"},{"time":"2019-10-04T05:30:41.397Z","trade_id":51727602,"price":"173.12000000","size":"4.00000000","side":"sell"}]